<?xml version="1.0" encoding="UTF-8"?><collection xmlns="http://www.loc.gov/MARC21/slim"><record><leader>00439nam--2200133-i-4500</leader><controlfield tag="001">000019132</controlfield><controlfield tag="002">20161230</controlfield><controlfield tag="005">20161230201033</controlfield><controlfield tag="008">060222s1000------------r-----000-0-eng-d</controlfield><datafield ind1=" " ind2=" " tag="080"><subfield code="a">530.145.6:539.12</subfield></datafield><datafield ind1=" " ind2=" " tag="100"><subfield code="a">Eisele, John A</subfield></datafield><datafield ind1=" " ind2=" " tag="245"><subfield code="a">Modern quantum mechanics with applications to elementary particle physics.an introduction to contemporary physical thinking</subfield></datafield><datafield ind1=" " ind2=" " tag="260"><subfield code="a">New York, Wiley-interscience, 1969. Xiii + 541 P</subfield></datafield><datafield ind1=" " ind2=" " tag="852"><subfield code="a">8075</subfield></datafield></record></collection>